@inproceedings{realizable,
  title={Realizable and unrealizable specifications of reactive systems},
  author={Abadi, M. and Lamport, L. and Wolper, P.},
  booktitle="Automata, Languages and Programming",
  year="1989",
  publisher="Springer Berlin Heidelberg",
  pages="1--17",
volume = 372,
series = "Lecture Notes in Computer Science",
  doi="10.1007/BFb0035748",
  series = "Lecture Notes in Computer Science"
} %author="Abadi, Mart{\'i}n and Lamport, Leslie and Wolper, Pierre",

@article{monotonic-games,
  title={Monotonic and downward closed games},
  author={Abdulla, P. A. and Bouajjani, A. and D'orso, J.},
  journal={Journal of Logic and Computation},
  volume={18},
  number={1},
  pages={153--169},
  year={2008},
  publisher={OUP},
  doi={10.1093/logcom/exm062}
}%author={Abdulla, Parosh Aziz and Bouajjani, Ahmed and D'orso, Julien},

@inproceedings{abdulla2014infinite,
  title={Infinite-state energy games},
  author={Abdulla, P. A. and Atig, M. F. and Hofman, P. and Mayr, Richard and Kumar, K Narayan and Totzke, Patrick},
  booktitle={Computer Science Logic (CSL) and Logic in Computer Science (LICS)},
  pages={1--10},
  year={2014},
  publisher = {Association for Computing Machinery},
  doi = {10.1145/2603088.2603100}
}%author = {Abdulla, Parosh Aziz and Atig, Mohamed Faouzi and Hofman, Piotr and Mayr, Richard and Kumar, K. Narayan and Totzke, Patrick},

@inproceedings{parity-dec,
  title={Solving parity games on integer vectors},
  author={Abdulla, P. A. and Mayr, Richard and Sangnier, Arnaud and Sproston, Jeremy},
  booktitle={Concurrency Theory (CONCUR)},
  pages={106--120},
  year={2013},
  series = "Lecture Notes in Computer Science",
volume = 8052,
  publisher="Springer Berlin Heidelberg",
  doi="10.1007/978-3-642-40184-8_9"
}%author="Abdulla, Parosh Aziz and Mayr, Richard and Sangnier, Arnaud and Sproston, Jeremy",

@misc{galois-hol,
  author = {A. Armstrong and S. Foster},
  title = {Galois connections},
  url = {https://isabelle.in.tum.de/library/HOL/HOL-Algebra/Galois_Connection.html},
  urldate = {2024-10-25}
}

@article{bernet2002permissive,
  title={Permissive strategies: From parity games to safety games},
  author={Bernet, J. and Janin, D. and Walukiewicz, I.},
  journal={RAIRO -- Theoretical Informatics and Applications},
  volume={36},
  number={3},
  pages={261--275},
  year={2002}, 
  doi="10.1051/ita:2002013"
}%Bernet, Julien; Janin, David; Walukiewicz, Igor.

@inproceedings{bens-algo,
  title={Process equivalence problems as energy games},
  author={Bisping, B.},
  booktitle={Computer Aided Verification (CAV)},
  pages={85--106},
  year={2023},
volume = 13964,
series = "Lecture Notes in Computer Science",
  publisher="Springer Nature Switzerland",
  doi="10.1007/978-3-031-37706-8_5"
}%author="Bisping, Benjamin",

@Inproceedings{specgame,
  author={Bisping, B. and Jansen, D. N.},
  year      = {2024},
  title     = {One energy game for the spectrum between branching bisimilarity and weak trace semantics},
  booktitle = {Expressiveness in Concurrency (EXPRESS) and Structural Operational Semantics (SOS)},
  series    = {Electronic Proceedings in Theoretical Computer Science},
  volume    = {412},
  publisher = {Open Publishing Association},
  pages     = {71-88},
  doi       = {10.4204/EPTCS.412.6},
}%  author    = {Bisping, Benjamin and Jansen, David N.},


@article{bispingJansenNestmann,
  title={Deciding all behavioral equivalences at once: A game for linear-time-branching-time spectroscopy},
  author={Bisping, B. and Jansen, D. N. and Nestmann, U.},
  journal={Logical Methods in Computer Science},
  volume={18},
  number = "3",
  year={2022},
  publisher={Episciences. org},
  doi = "10.46298/lmcs-18(3:19)2022"
} 

@inproceedings{bispingNestmann,
  title={A game for linear-time--branching-time spectroscopy},
  author={Bisping, B. and Nestmann, U.},
  booktitle={Tools and Algorithms for the Construction and Analysis of Systems (TACAS)},
  pages={3--19},
  year={2021},
volume = 12651,
series = "Lecture Notes in Computer Science",
  publisher="Springer International Publishing",
  doi = {10.1007/978-3-030-72016-2_1}
}

@inproceedings{brazdil2010reachability,
  title={Reachability games on extended vector addition systems with states},
  author={Br{\'a}zdil, T. and Jan{\v{c}}ar, P. and Ku{\v{c}}era, A.},
  booktitle={Automata, Languages and Programming (ICALP)},
  pages={478--489},
  year={2010},
volume = 6199,
series = "Lecture Notes in Computer Science",
  publisher="Springer Berlin Heidelberg",
  doi ="10.1007/978-3-642-14162-1_40",
} %author="Br{\'a}zdil, Tom{\'a}{\v{s}} and Jan{\v{c}}ar, Petr and Ku{\v{c}}era, Anton{\'i}n",

@inproceedings{lexicograph,
  title={Multi-weighted reachability games},
  author={Brihaye, T. and Goeminne, A.},
  booktitle={Reachability Problems},
  pages={85--97},
  year={2023},
volume = 14235,
series = "Lecture Notes in Computer Science",
  publisher="Springer Nature Switzerland",
  doi ="10.1007/978-3-031-45286-4_7",
}%author="Brihaye, Thomas and Goeminne, Aline",

@inproceedings{resource-interfaces,
  title={Resource interfaces},
  author={Chakrabarti, A. and De Alfaro, L. and Henzinger, T. A. and Stoelinga, M.},
  booktitle={Embedded Software},
  pages={117--133},
  year={2003},
volume = 2855,
series = "Lecture Notes in Computer Science",
  publisher="Springer Berlin Heidelberg",
  doi ="10.1007/978-3-540-45212-6_9"
}%author="Chakrabarti, Arindam and de Alfaro, Luca and Henzinger, Thomas A. and Stoelinga, Mari{\"e}lle",

@inproceedings{chatterjee-strategy,
  title={Strategy synthesis for multi-dimensional quantitative objectives},
  author={Chatterjee, K. and Randour, M. and Raskin, J.-F.},
  booktitle="Concurrency Theory (CONCUR)",
  pages={115--131},
  year={2012},
  publisher="Springer Berlin Heidelberg", 
volume = 7454,
series = "Lecture Notes in Computer Science",
  doi = "10.1007/978-3-642-32940-1_10",
}%author="Chatterjee, Krishnendu and Randour, Mickael and Raskin, Jean-Fran{\c{c}}ois",

@inproceedings{generalized-energy-games,
  title={Generalized mean-payoff and energy games},
  author={Chatterjee, K. and Doyen, L. and Henzinger, T. A. and Raskin, J.},
  booktitle =	{Foundations of Software Technology and Theoretical Computer Science (FSTTCS)},
  pages =	{505--516},
  series =	{Leibniz International Proceedings in Informatics (LIPIcs)},
  volume =	{8},
  doi =		{10.4230/LIPIcs.FSTTCS.2010.505},
  publisher =	{Schloss Dagstuhl -- Leibniz-Zentrum f{\"u}r Informatik},
  year={2010}
}%author =	{Chatterjee, Krishnendu and Doyen, Laurent and Henzinger, Thomas A. and Raskin, Jean-Fran\c{c}ois},

@inproceedings{courtois2014alternating,
  title={Alternating vector addition systems with states},
  author={Courtois, J.-B. and Schmitz, S.},
  booktitle={Mathematical Foundations of Computer Science (MFCS)},
  pages={220--231},
  year={2014},
  publisher="Springer Berlin Heidelberg",
volume = 8634,
series = "Lecture Notes in Computer Science",
  doi ="10.1007/978-3-662-44522-8_19"
}%author="Courtois, Jean-Baptiste and Schmitz, Sylvain",

@article{afp-paritygames,
  author  = {C. Dittmann},
  title   = {Positional Determinacy of Parity Games},
  journal = {Archive of Formal Proofs},
  year    = {2015},
  note    = {\url{https://isa-afp.org/entries/Parity_Game.html},
             Formal proof development},
  ISSN    = {2150-914x},
}%author  = {Christoph Dittmann},


@article{galois,
author = {Erné, M. and KOSLOWSKI, J. and MELTON, A. and STRECKER, G. E.},
title = {A Primer on Galois Connections},
journal = {Annals of the New York Academy of Sciences},
volume = {704},
number = {1},
pages = {103-125},
doi = {10.1111/j.1749-6632.1993.tb52513.x},
year = {1993}
}

@article{ulis-alg2,
  title={An algebraic approach to energy problems II -- the algebra of energy functions},
  author={{\'E}sik, Zolt{\'a}n and Fahrenberg, Uli and Legay, Axel and Quaas, Karin},
  journal={Acta Cybernetica},
  volume={23},
  number={1},
  pages={229--268},
  year={2017},
  doi = {10.14232/actacyb.23.1.2017.14},
  publisher={University of Szeged}
}%author = {Esik, Zoltan and Fahrenberg, Uli and Legay, Axel and Quaas, Karin},

@book{TheoryOfRelations,
    author = {Fraisse, R. and Clote, P.},
    title = {Theory of Relations},
    publisher = {Elsevier},
    year = {1986}
}

@InProceedings{vanGlabbeek,
author="van Glabbeek, R. J.",
editor="Baeten, J. C. M.
and Klop, J. W.",
title="The linear time - branching time spectrum",
booktitle="Theories of Concurrency: Unification and Extension (CONCUR)",
year="1990",
  series	= {Lecture Notes in Computer Science},
  volume	= 458,
publisher="Springer Berlin Heidelberg",
doi="10.1007/BFb0039066",
pages="278--297",
}

@phdthesis{isabellePHD,
  title={Mechanical verification of parameterized real-time systems},
  author={G{\"o}thel, T.},
  year={2012}, 
  doi="10.14279/depositonce-3248",
  school = "Technische Universität Berlin",
}

@book{latticeTheory,
  title={Lattice theory: Foundation},
  author={Gratzer, G.},
  year={2011},
  publisher={Springer},
  doi="10.1007/978-3-0348-0018-1",
} %George Grätzer

@inproceedings{wpo,
  title={Well-partial orderings and hierarchies},
  author={de Jongh, D. H. J. and Parikh, R.},
  booktitle={Indagationes Mathematicae},
  volume={80},
  number={3},
  pages={195--207},
  year={1977},
  publisher ="Elsevier",
  doi = {10.1016/1385-7258(77)90067-1},
}

@article{Galois-Kappelmann,
  author  = {Kappelmann, K.},
  title   = {Transport via partial galois connections and Equivalences},
  journal = {Archive of Formal Proofs},
  year    = {2023},
  note    = {\url{https://isa-afp.org/entries/Transport.html},
             Formal proof development},
  ISSN    = {2150-914x},
}%author  = {Kevin Kappelmann},

@article{omegafp,
  title={The least fixed point property for omega chain continuous functions},
  author={Mashburn, J. D.},
  year={1981},
  booktitle = "Houston Journal of Mathematics", 
  pages ="231-244",
  volume ="9",
  number ="2",
}

@Book{isabelle,
  author	= {T. Nipkow and L. C. Paulson and M. Wenzel},
  title		= {Isabelle/HOL -- A Proof Assistant for Higher-Order Logic},
  publisher	= {Springer Berlin Heidelberg},
  series	= {Lecture Notes in Computer Science},
  volume	= 2283,
  year = 2002,
  doi="10.1007/3-540-45949-9"
}%  author	= {Tobias Nipkow and Lawrence C. Paulson and Markus Wenzel},

@misc{smithGalois,
  title={The Galois connection between syntax and semantics},
  author={Smith, P.},
  note={University of Cambridge},
  year={2010}
}

@article{stirling-bisim,
  title={Bisimulation, modal logic and model checking games},
  author={Stirling, C.},
  journal={Logic Journal of IGPL},
  volume={7},
  number={1},
  pages={103--124},
  year={1999},
  publisher={Oxford University Press},
  doi={10.1093/jigpal/7.1.103}
} %author={Stirling, Colin},
%inproceedings{stirling-bisim,
%  title={Bisimulation, model checking and other games},
%  author={Stirling, C.},
%  booktitle={Notes for the Mathfit instructional meeting on games and computation. Edinburgh},
%  volume={356},
%  pages={357},
%  year={1997},
%  organization={Citeseer}
%}

@misc{BSc-Vogel,
    title = {Accelerating Process Equivalence Energy
Games using WebGPU},
    author = {G. Vogel},
    year = 2024,
    note = {Available at \url{https://github.com/Gobbel2000/thesis-gpuequiv/releases/latest}},
    school = {Technische Universitaet Berlin},
    type = {Bachelor's Thesis}
}

@article{kleene-fp-AFP,
  author  = {A. Yamada and J. Dubut},
  title   = {Complete non-orders and fixed points},
  journal = {Archive of Formal Proofs},
  year    = {2019},
  note    = {\url{https://isa-afp.org/entries/Complete_Non_Orders.html},
             Formal proof development},
  ISSN    = {2150-914x},
}

@article{infinitegames,
  title={Infinite games on finitely coloured graphs with applications to automata on infinite trees},
  author={Zielonka, W.},
  journal={Theoretical Computer Science},
  volume={200},
  number={1-2},
  pages={135--183},
  year={1998},
  publisher={Elsevier},
  doi = {10.1016/S0304-3975(98)00009-7},
} %author = {Wieslaw Zielonka},
